@electronic{Basu2015a,
    author = {Saikat Basu and Sangram Ganguly and Supratik Mukhopadhyay and Robert Dibiano and Manohar Karki and Ramakrishna Nemani},
    year = {2015},
    title = {DeepSat - A Learning framework for Satellite Imagery, ACM SIGSPATIAL 2015}
}
